<record><leader>00000cas a2200000 a 4500</leader><controlfield tag="001">18425189</controlfield><controlfield tag="008">880830d19461984miuwr ne      0    0eng c</controlfield><datafield ind1=" " ind2=" " tag="010"><subfield code="a">sn 88084190 </subfield></datafield><datafield ind1=" " ind2=" " tag="040"><subfield code="a">PPM</subfield><subfield code="b">eng</subfield><subfield code="c">PPM</subfield><subfield code="d">MHN</subfield><subfield code="d">OCL</subfield><subfield code="d">OCLCQ</subfield><subfield code="d">OCLCF</subfield><subfield code="d">OCLCO</subfield></datafield><datafield ind1="1" ind2=" " tag="029"><subfield code="a">AU@</subfield><subfield code="b">000006073144</subfield></datafield><datafield ind1=" " ind2=" " tag="042"><subfield code="a">pcc</subfield></datafield><datafield ind1=" " ind2=" " tag="043"><subfield code="a">n-us-mi</subfield></datafield><datafield ind1="0" ind2=" " tag="130"><subfield code="a">Lapeer County press (Lapeer, Mich. : 1946)</subfield></datafield><datafield ind1="1" ind2="4" tag="245"><subfield code="a">The Lapeer County press.</subfield></datafield><datafield ind1=" " ind2=" " tag="260"><subfield code="a">Lapeer, Mich. :</subfield><subfield code="b">[s.n.]</subfield></datafield><datafield ind1=" " ind2=" " tag="310"><subfield code="a">Weekly</subfield></datafield><datafield ind1="0" ind2=" " tag="362"><subfield code="a">107th yr., no. 6 (Feb. 27, 1946)-126th yr., no. 21 (May 21, 1964) ; no. 22 (May 28, 1964)-no. 42 (Oct. 17, 1984).</subfield></datafield><datafield ind1=" " ind2=" " tag="515"><subfield code="a">Year designation dropped May 28, 1964. Thereafter internal numbering begins with: No. 1, every Jan.</subfield></datafield><datafield ind1=" " ind2=" " tag="515"><subfield code="a">Issue also called: First National Bank's Centennial Souvenir Section, Aug. 9, 1956.</subfield></datafield><datafield ind1=" " ind2="0" tag="651"><subfield code="a">Lapeer (Mich.)</subfield><subfield code="v">Newspapers.</subfield></datafield><datafield ind1=" " ind2="0" tag="651"><subfield code="a">Lapeer County (Mich.)</subfield><subfield code="v">Newspapers.</subfield></datafield><datafield ind1=" " ind2="7" tag="655"><subfield code="a">Newspapers.</subfield><subfield code="2">fast</subfield><subfield code="0">(OCoLC)fst01423814</subfield></datafield><datafield ind1=" " ind2="7" tag="651"><subfield code="a">Michigan</subfield><subfield code="z">Lapeer.</subfield><subfield code="2">fast</subfield><subfield code="0">(OCoLC)fst01231358</subfield></datafield><datafield ind1=" " ind2="7" tag="651"><subfield code="a">Michigan</subfield><subfield code="z">Lapeer County.</subfield><subfield code="2">fast</subfield><subfield code="0">(OCoLC)fst01204037</subfield></datafield><datafield ind1=" " ind2=" " tag="752"><subfield code="a">United States</subfield><subfield code="b">Michigan</subfield><subfield code="c">Lapeer</subfield><subfield code="d">Lapeer.</subfield></datafield><datafield ind1="0" ind2="0" tag="780"><subfield code="t">Lapeer County press and Lapeer County clarion</subfield><subfield code="w">(DLC)sn 96077179</subfield><subfield code="w">(OCoLC)35763226</subfield></datafield><datafield ind1="0" ind2="0" tag="785"><subfield code="t">County press (Lapeer, Mich.)</subfield><subfield code="w">(DLC)sn 84002069</subfield><subfield code="w">(OCoLC)11460192</subfield></datafield></record>